@article{abbott2005containers,
  title     = {Containers: Constructing strictly positive types},
  author    = {Abbott, Michael and Altenkirch, Thorsten and Ghani, Neil},
  journal   = {Theoretical Computer Science},
  volume    = {342},
  number    = {1},
  pages     = {3--27},
  year      = {2005},
  publisher = {Elsevier}
}

@article{bainomugisha2013survey,
  title     = {A survey on reactive programming},
  author    = {Bainomugisha, Engineer and Carreton, Andoni Lombide and Cutsem, Tom van and Mostinckx, Stijn and Meuter, Wolfgang de},
  journal   = {ACM Computing Surveys (CSUR)},
  volume    = {45},
  number    = {4},
  pages     = {1--34},
  year      = {2013},
  publisher = {ACM New York, NY, USA}
}

@inproceedings{bodin2014trusted,
  title     = {A trusted mechanised JavaScript specification},
  author    = {Bodin, Martin and Chargu{\'e}raud, Arthur and Filaretti, Daniele and Gardner, Philippa and Maffeis, Sergio and Naudziuniene, Daiva and Schmitt, Alan and Smith, Gareth},
  booktitle = {Proceedings of the 41st ACM SIGPLAN-SIGACT Symposium on Principles of Programming Languages},
  pages     = {87--100},
  year      = {2014}
}

@article{brucker2018formal,
  title     = {A formal model of the Document Object Model},
  author    = {Brucker, Achim D and Herzberg, Michael},
  year      = {2018},
  publisher = {AFP}
}

@inproceedings{cohen2024trocq,
  title={Trocq: proof transfer for free, with or without univalence},
  author={Cohen, Cyril and Crance, Enzo and Mahboubi, Assia},
  booktitle={European Symposium on Programming},
  pages={239--268},
  year={2024},
  organization={Springer}
}

@article{czaplicki2013asynchronous,
  title     = {Asynchronous functional reactive programming for GUIs},
  author    = {Czaplicki, Evan and Chong, Stephen},
  journal   = {ACM SIGPLAN Notices},
  volume    = {48},
  number    = {6},
  pages     = {411--422},
  year      = {2013},
  publisher = {ACM New York, NY, USA}
}

@online{DOM,
  author  = {W3C},
  title   = {W3C DOM4},
  year    = 2015,
  url     = {https://www.w3.org/TR/dom/},
  urldate = {2025-05-20}
}

@online{ECMA,
  author       = {ECMA},
  title        = {ECMA language specification},
  year         = 2015,
  organization = {ECMA International},
  url          = {https://ecma-international.org/publications-and-standards/standards/ecma-262/},
  urldate      = {2025-05-20}
}

@inproceedings{forster2020coq,
  title     = {Coq {\`a} la carte: a practical approach to modular syntax with binders},
  author    = {Forster, Yannick and Stark, Kathrin},
  booktitle = {Proceedings of the 9th ACM SIGPLAN International Conference on Certified Programs and Proofs},
  pages     = {186--200},
  year      = {2020}
}

@inproceedings{guha2010essence,
  title        = {The essence of JavaScript},
  author       = {Guha, Arjun and Saftoiu, Claudiu and Krishnamurthi, Shriram},
  booktitle    = {ECOOP 2010--Object-Oriented Programming: 24th European Conference, Maribor, Slovenia, June 21-25, 2010. Proceedings 24},
  pages        = {126--150},
  year         = {2010},
  organization = {Springer}
}

@article{jin2023extensible,
  title     = {Extensible metatheory mechanization via family polymorphism},
  author    = {Jin, Ende and Amin, Nada and Zhang, Yizhou},
  journal   = {Proceedings of the ACM on Programming Languages},
  volume    = {7},
  number    = {PLDI},
  pages     = {1608--1632},
  year      = {2023},
  publisher = {ACM New York, NY, USA}
}

@inproceedings{madsen2020semantics,
  title     = {A Semantics for the Essence of React},
  author    = {Madsen, Magnus and Lhotak, Ondrej and Tip, Frank},
  booktitle = {European Conference on Object-Oriented Programming},
  year      = {2020}
}

@article{malcolm1990data,
  title     = {Data structures and program transformation},
  author    = {Malcolm, Grant},
  journal   = {Science of computer programming},
  volume    = {14},
  number    = {2-3},
  pages     = {255--279},
  year      = {1990},
  publisher = {Elsevier}
}

@inproceedings{norell2009dependently,
  title     = {Dependently typed programming in Agda},
  author    = {Norell, Ulf},
  booktitle = {Proceedings of the 4th international workshop on Types in language design and implementation},
  pages     = {1--2},
  year      = {2009}
}

@online{React,
  author  = {Facebook, Inc},
  title   = {React: A JavaScript library for building user interfaces},
  year    = 2019,
  url     = {https://www.reactjs.org/},
  organization = {Facebook, Inc},
  urldate = {2025-05-20}
}

@online{Solid,
  author  = {Facebook, Inc},
  title   = {SolidJS: Reactive JavaScript library},
  year    = 2015,
  url     = {https://solidjs.com/},
  organization = {Open collective},
  urldate = {2025-10-22}
}

@inproceedings{salvaneschi2015reactive,
  title        = {Reactive programming: A walkthrough},
  author       = {Salvaneschi, Guido and Margara, Alessandro and Tamburrelli, Giordano},
  booktitle    = {2015 IEEE/ACM 37th IEEE International Conference on Software Engineering},
  volume       = {2},
  pages        = {953--954},
  year         = {2015},
  organization = {IEEE}
}

@online{t39,
  author  = {Ecma International},
  title   = {Ecma Technical Committee 39},
  year    = 2025,
  url     = {https://ecma-international.org/technical-committees/tc39/},
  organization = {Ecma International},
  urldate = {2025-10-10}
}

@online{signals-proposal-t39,
  author  = {Rob Eisenberg, Daniel Ehrenberg},
  title   = {JavaScript Signals standard proposal},
  year    = 2023,
  url     = {https://github.com/tc39/proposal-signals},
  urldate = {2025-10-22}
}

@article{tabareau2021marriage,
  title     = {The marriage of univalence and parametricity},
  author    = {Tabareau, Nicolas and Tanter, {\'E}ric and Sozeau, Matthieu},
  journal   = {Journal of the ACM (JACM)},
  volume    = {68},
  number    = {1},
  pages     = {1--44},
  year      = {2021},
  publisher = {ACM New York, NY, USA}
}

@software{the_coq_development_team_2024_14542673,
  author       = {The Coq Development Team},
  title        = {The Coq Proof Assistant},
  month        = sep,
  year         = 2024,
  publisher    = {Zenodo},
  version      = {8.20},
  doi          = {10.5281/zenodo.14542673},
  url          = {https://doi.org/10.5281/zenodo.14542673},
}

@article{van2022intrinsically,
  title={Intrinsically-typed definitional interpreters {\`a} la carte},
  author={van der Rest, Cas and Poulsen, Casper Bach and Rouvoet, Arjen and Visser, Eelco and Mosses, Peter},
  journal={Proceedings of the ACM on Programming Languages},
  volume={6},
  number={OOPSLA2},
  pages={1903--1932},
  year={2022},
  publisher={ACM New York, NY, USA}
}

@article{vistrup2025program,
  title     = {Program Logics {\`a} la Carte},
  author    = {Vistrup, Max and Sammler, Michael and Jung, Ralf},
  journal   = {Proceedings of the ACM on Programming Languages},
  volume    = {9},
  number    = {POPL},
  pages     = {300--331},
  year      = {2025},
  publisher = {ACM New York, NY, USA}
}

@article{sozeau2020metacoq,
  title={The metacoq project},
  author={Sozeau, Matthieu and Anand, Abhishek and Boulier, Simon and Cohen, Cyril and Forster, Yannick and Kunze, Fabian and Malecha, Gregory and Tabareau, Nicolas and Winterhalter, Th{\'e}o},
  journal={Journal of automated reasoning},
  volume={64},
  number={5},
  pages={947--999},
  year={2020},
  publisher={Springer}
}

@article{igarashi2001featherweight,
  title={Featherweight Java: a minimal core calculus for Java and GJ},
  author={Igarashi, Atsushi and Pierce, Benjamin C and Wadler, Philip},
  journal={ACM Transactions on Programming Languages and Systems (TOPLAS)},
  volume={23},
  number={3},
  pages={396--450},
  year={2001},
  publisher={ACM New York, NY, USA}
}

@article{swierstra2008data,
  title={Data types {\`a} la carte},
  author={Swierstra, Wouter},
  journal={Journal of functional programming},
  volume={18},
  number={4},
  pages={423--436},
  year={2008},
  publisher={Cambridge University Press}
}

@inproceedings{tassi2025elpi,
  title={Elpi: rule-based meta-languge for Rocq},
  author={Tassi, Enrico},
  booktitle={CoqPL 2025-The Eleventh International Workshop on Coq for Programming Languages},
  year={2025}
}

@article{ebresafe2025certified,
  title={Certified compilers {\`a} la carte},
  author={Ebresafe, Oghenevwogaga and Zhao, Ian and Jin, Ende and Bright, Arthur and Jian, Charles and Zhang, Yizhou},
  journal={Proceedings of the ACM on Programming Languages},
  volume={9},
  number={PLDI},
  pages={372--395},
  year={2025},
  publisher={ACM New York, NY, USA}
}

@article{xia2019interaction,
  title={Interaction trees: representing recursive and impure programs in Coq},
  author={Xia, Li-yao and Zakowski, Yannick and He, Paul and Hur, Chung-Kil and Malecha, Gregory and Pierce, Benjamin C and Zdancewic, Steve},
  journal={Proceedings of the ACM on Programming Languages},
  volume={4},
  number={POPL},
  pages={1--32},
  year={2019},
  publisher={ACM New York, NY, USA}
}

@article{altenkirch2015indexed,
  title={Indexed containers},
  author={Altenkirch, Thorsten and Ghani, Neil and Hancock, Peter and McBride, Conor and Morris, Peter},
  journal={Journal of Functional Programming},
  volume={25},
  pages={e5},
  year={2015},
  publisher={Cambridge University Press}
}

@inproceedings{leroy2016compcert,
  title={CompCert-a formally verified optimizing compiler},
  author={Leroy, Xavier and Blazy, Sandrine and K{\"a}stner, Daniel and Schommer, Bernhard and Pister, Markus and Ferdinand, Christian},
  booktitle={ERTS 2016: Embedded Real Time Software and Systems, 8th European Congress},
  year={2016}
}

@article{kumar2014cakeml,
  title={CakeML: a verified implementation of ML},
  author={Kumar, Ramana and Myreen, Magnus O and Norrish, Michael and Owens, Scott},
  journal={ACM SIGPLAN Notices},
  volume={49},
  number={1},
  pages={179--191},
  year={2014},
  publisher={ACM New York, NY, USA}
}